@article{cvm332022,
  title={Comunicado CVM Nº 33/2022},
  author={CVM},
  year={2022},
  url={https://www.gov.br/cvm}
}

@article{nakamoto2008,
  author    = {Satoshi Nakamoto},
  title     = {Bitcoin: A Peer-to-Peer Electronic Cash System},
  year      = {2008},
  url       = {https://bitcoin.org/bitcoin.pdf}
}

@article{buterin2014,
  author    = {Vitalik Buterin},
  title     = {A Next-Generation Smart Contract and Decentralized Application Platform},
  year      = {2014},
  journal   = {Ethereum Whitepaper},
  url       = {https://ethereum.org/en/whitepaper/}
}

@article{kondova2019,
  author = {Kondova, Galia AND Simonella, Geremia},
  title = {Blockchain in Startup Financing: ICOs and STOs in Switzerland},
  journal = {Journal of Strategic Innovation and Sustainability},
  year = {2019},
  volume = {14},
  number = {6},
  pages = {43--48},
  url = {https://ssrn.com/abstract=3528545}
}

@article{ruffoni2020,
  author = {Ruffoni, Janaina AND e Pillon, Walter Anderson},
  journal = {Prêmio ABDE-BID de Artigos de Desenvolvimento},
  number = {},
  title = {Financiamento Coletivo da Inovação via Blockchain: uma realidade atual para empresas startups brasileiras?},
  volume = {},
  pages = {47--70},
  year = {2020}
}

@legislation{lei14478,
  title={Lei Nº 14.478 de 21 de Dezembro de 2022},
  author={Brasil},
  year={2022},
  url={http://www.planalto.gov.br}
}

@online{barreto2022,
  author = {Barreto, Mariana Mena},
  title = {Oferta Pública de Tokens: Preciso Ter Autorização da CVM?},
  url = {https://www.jusbrasil.com.br/artigos/oferta-publica-de-tokens-preciso-ter-autorizacao-da-cvm/1625290349},
  note = {Acesso em: 28 mar. 2025},
  year = {2022}
}

@thesis{dias2020,
  author       = {Dias, Manoel Guisard},
  title        = {Possíveis riscos criminais em operações ICO e STO},
  year         = {2020},
  school       = {Insper},
  address      = {São Paulo},
  note         = {Orientadora: Pamela Gabrielle Romeu Gomes Roque},
  type         = {Trabalho de Conclusão de Curso},
}

@article{lazzarini2018,
  author  = {Lazzarini, Sérgio G. AND Musacchio, Aldo AND Bandeira-de-Mello, Rodrigo AND Marcon, Rosilene},
  title   = {Capital de Risco no Brasil: Uma Análise dos Determinantes do Baixo Desenvolvimento},
  journal = {Revista Brasileira de Gestão de Negócios},
  volume  = {20},
  number  = {3},
  pages   = {458-480},
  year    = {2018},
  issn    = {1806-4892},
  doi     = {10.7819/rbgn.v20i3.3945},
  url     = {https://rbgn.fecap.br/RBGN/article/view/3945},
  note    = {Acesso em: 29 mar. 2025.}
}

@book{schumpeter1912,
  author    = {Joseph A. Schumpeter},
  title     = {Theorie der wirtschaftlichen Entwicklung},
  year      = {1912},
  publisher = {Duncker \& Humblot},
  address   = {Leipzig}
}


@online{mckinsey2024,
  author    = {McKinsey},
  title     = {From ripples to waves: The transformational power of tokenizing assets},
  year      = {2024},
  url       = {https://www.mckinsey.com/industries/financial-services/our-insights/from-ripples-to-waves-the-transformational-power-of-tokenizing-assets},
  note      = {Acesso em: 28 mar. 2025}
}

@online{bcg2024,
  author    = {BCG},
  title     = {Tokenized Funds: The Third Revolution in Asset Management},
  year      = {2024},
  url       = {https://www.bcg.com/press/29october2024-tokenized-funds-the-third-revolution-in-asset-management-decoded},
  note      = {Acesso em: 28 mar. 2025}
}

@online{sebrae2023,
  author = {{SEBRAE}},
  title = {Conheça as fases de uma startup},
  year = {2023},
  url = {https://sebrae.com.br/sites/PortalSebrae/artigos/conheca-as-fases-de-uma-startup%2C2db406cf4fc95810VgnVCM1000001b00320aRCRD},
  note      = {Acesso em: 28 mar. 2025}
}

@article{maringa2024,
  author = {Nariai, Nathan Liyodi AND Amarante, Juliana Marangoni},  
  title = {Obstáculos e Facilidades no Acesso ao Crédito pelas Empresas Incubadas na Incubadora Tecnológica de Maringá},  
  journal = {Revista da Universidade Estadual de Maringá},  
  year = {2024},  
  note = {Disponível em: https://seer.atitus.edu.br/index.php/revistasi/article/view/2406/1713}  
}

@inproceedings{atzei2017,
  author    = {Atzei, Nicola AND Bartoletti, Massimo AND Cimoli, Tiziana},
  title     = {A Survey of Attacks on {Ethereum} Smart Contracts {(SoK)}},
  booktitle = {Principles of Security and Trust - 6th International Conference, {POST} 2017, Held as Part of the European Joint Conferences on Theory and Practice of Software, {ETAPS} 2017},
  series    = {Lecture Notes in Computer Science},
  volume    = {10204},
  pages     = {164--186},
  publisher = {Springer},
  year      = {2017},
  doi       = {10.1007/978-3-662-54455-6\_8},
  url       = {https://doi.org/10.1007/978-3-662-54455-6\_8}
}

@online{openzeppelin2023,
  author       = {{OpenZeppelin}},
  title        = {OpenZeppelin Contracts: Biblioteca de contratos inteligentes seguros e reutilizáveis para Ethereum},
  year         = {2023},
  url          = {https://github.com/OpenZeppelin/openzeppelin-contracts},
  urldate      = {2023-12-15},
  organization = {OpenZeppelin}
}

@article{wang2023smart,
  author  = {Wang, Y. AND De Filippi, P.},
  title   = {Smart Contracts for Dividend Distribution: A Framework for Tokenized Equity},
  journal = {IEEE Transactions on Blockchain and Financial Technology},
  year    = {2023},
  volume  = {4},
  number  = {2},
  pages   = {150--165}
}

@article{kaal2022defi,
  author  = {Kaal, W. A. AND Dell’Erba, M.},
  title   = {Decentralized Finance (DeFi) and Automated Revenue Sharing Models},
  journal = {Journal of Digital Banking},
  year    = {2022},
  volume  = {7},
  number  = {3},
  pages   = {210--225},
}

@inproceedings{beck2021real,
  author    = {Beck, R. AND Avital, M. AND Rossi, M.},
  title     = {Real-World Asset Tokenization: A Case Study on Dividend Distribution via Blockchain},
  booktitle = {Proceedings of the 54th Hawaii International Conference on System Sciences (HICSS)},
  year      = {2021},
  pages     = {6785--6794},
  publisher = {University of Hawaii},
  address   = {Honolulu, HI, USA}
}

@misc{kria2025,
  author       = {{Kria}},
  title        = {Capte investimentos com o Kria},
  howpublished = {\url{https://www.kria.vc/quero-captar}},
  note         = {Acesso em: 5 abr. 2025},
  year         = {2025}
}
